<?xml version="1.0" encoding="UTF-8"?><record xmlns="http://www.loc.gov/MARC21/slim" xmlns:cinclude="http://apache.org/cocoon/include/1.0" xmlns:zs="http://www.loc.gov/zing/srw/">
  <leader>00499nz  a2200145n  4500</leader>
  <controlfield tag="001">n 2012030662</controlfield>
  <controlfield tag="003">DLC</controlfield>
  <controlfield tag="005">20120508075029.0</controlfield>
  <controlfield tag="008">120507n| acannaabn          |b aaa      </controlfield>
  <datafield tag="010" ind1=" " ind2=" ">
    <subfield code="a">n 2012030662</subfield>
  </datafield>
  <datafield tag="040" ind1=" " ind2=" ">
    <subfield code="a">DLC</subfield>
    <subfield code="b">eng</subfield>
    <subfield code="c">DLC</subfield>
  </datafield>
  <datafield tag="100" ind1="1" ind2=" ">
    <subfield code="a">Xu, Yushan,</subfield>
    <subfield code="d">1980-</subfield>
  </datafield>
  <datafield tag="400" ind1="1" ind2=" ">
    <subfield code="a">徐宇珊,</subfield>
    <subfield code="d">1980-</subfield>
  </datafield>
  <datafield tag="667" ind1=" " ind2=" ">
    <subfield code="a">Non-Latin script reference not evaluated</subfield>
  </datafield>
  <datafield tag="670" ind1=" " ind2=" ">
    <subfield code="a">Lun ji jin hui, 2010:</subfield>
    <subfield code="b">t.p. (徐宇珊 = Xu Yushan) bio. (b. Nov. 1980 at Shandong Sheng Jinan Shi; works at Shezhen Shi she hui ke xue fa zhan suo)</subfield>
  </datafield>
</record>